
@misc{1,
Jiménez, J. (2019, March 24). Este es el máximo número de dispositivos que pueden conectarse a un router y así puedes modificarlo. Retrieved June 04, 2020, from https://www.redeszone.net/2019/03/24/numero-maximo-dispositivos-router/
}


